<record xmlns="http://www.loc.gov/MARC21/slim">
   <leader>03470cam a2200469 i 4500</leader>
   <controlfield tag="001">6804940</controlfield>
   <controlfield tag="003">OCoLC</controlfield>
   <controlfield tag="005">20150302093327.0</controlfield>
   <controlfield tag="008">140804s2015    miua     b    001 0 eng  </controlfield>
   <datafield ind1=" " ind2=" " tag="010">
      <subfield code="a">  2014030631</subfield>
   </datafield>
   <datafield ind1=" " ind2=" " tag="020">
      <subfield code="a">9780737772821</subfield>
      <subfield code="q">hardback</subfield>
   </datafield>
   <datafield ind1=" " ind2=" " tag="020">
      <subfield code="a">0737772824</subfield>
      <subfield code="q">hardback</subfield>
   </datafield>
   <datafield ind1=" " ind2=" " tag="020">
      <subfield code="a">9780737772838</subfield>
      <subfield code="q">paperback</subfield>
   </datafield>
   <datafield ind1=" " ind2=" " tag="020">
      <subfield code="a">0737772832</subfield>
   </datafield>
   <datafield ind1=" " ind2=" " tag="035">
      <subfield code="a">ocn885378149</subfield>
   </datafield>
   <datafield ind1=" " ind2=" " tag="037">
      <subfield code="a">1379512</subfield>
      <subfield code="b">QBI</subfield>
   </datafield>
   <datafield ind1=" " ind2=" " tag="039">
      <subfield code="a">exclude</subfield>
   </datafield>
   <datafield ind1=" " ind2=" " tag="040">
      <subfield code="a">DLC</subfield>
      <subfield code="e">rda</subfield>
      <subfield code="b">eng</subfield>
      <subfield code="c">DLC</subfield>
      <subfield code="d">QBX</subfield>
      <subfield code="d">IBI</subfield>
      <subfield code="d">OCLCO</subfield>
      <subfield code="d">FM0</subfield>
      <subfield code="d">OCLCF</subfield>
      <subfield code="d">AEU</subfield>
   </datafield>
   <datafield ind1=" " ind2=" " tag="042">
      <subfield code="a">pcc</subfield>
   </datafield>
   <datafield ind1=" " ind2=" " tag="043">
      <subfield code="a">n-us---</subfield>
   </datafield>
   <datafield ind1="0" ind2="0" tag="050">
      <subfield code="a">KF1262</subfield>
      <subfield code="b">.P739 2015</subfield>
   </datafield>
   <datafield ind1="0" ind2="0" tag="082">
      <subfield code="a">323.44/8/0973</subfield>
      <subfield code="2">23</subfield>
   </datafield>
   <datafield ind1="1" ind2="4" tag="082">
      <subfield code="a">323.44</subfield>
      <subfield code="2">15</subfield>
   </datafield>
   <datafield ind1=" " ind2=" " tag="084">
      <subfield code="a">JNF052000</subfield>
      <subfield code="a">JNF043000</subfield>
      <subfield code="2">bisacsh</subfield>
   </datafield>
   <datafield ind1=" " ind2=" " tag="090">
      <subfield code="a">KF1262 .P739 2015</subfield>
      <subfield code="b">AEGMCT</subfield>
   </datafield>
   <datafield ind1="0" ind2=" " tag="130">
      <subfield code="a">Privacy (Opposing viewpoints series (Unnumbered) : 2015)</subfield>
   </datafield>
   <datafield ind1="1" ind2="0" tag="245">
      <subfield code="a">Privacy /</subfield>
      <subfield code="c">Noël Merino, book editor.</subfield>
   </datafield>
   <datafield ind1=" " ind2="1" tag="264">
      <subfield code="a">Farmington Hills, Mich. :</subfield>
      <subfield code="b">Greenhaven Press, a part of Gale, Cengage Learning,</subfield>
      <subfield code="c">[2015]</subfield>
   </datafield>
   <datafield ind1=" " ind2=" " tag="300">
      <subfield code="a">182 pages :</subfield>
      <subfield code="b">illustrations ;</subfield>
      <subfield code="c">24 cm.</subfield>
   </datafield>
   <datafield ind1=" " ind2=" " tag="336">
      <subfield code="a">text</subfield>
      <subfield code="2">rdacontent</subfield>
   </datafield>
   <datafield ind1=" " ind2=" " tag="337">
      <subfield code="a">unmediated</subfield>
      <subfield code="2">rdamedia</subfield>
   </datafield>
   <datafield ind1=" " ind2=" " tag="338">
      <subfield code="a">volume</subfield>
      <subfield code="2">rdacarrier</subfield>
   </datafield>
   <datafield ind1="1" ind2=" " tag="490">
      <subfield code="a">Opposing viewpoints</subfield>
   </datafield>
   <datafield ind1=" " ind2=" " tag="504">
      <subfield code="a">Includes bibliographical references (pages 171-173) and index.</subfield>
   </datafield>
   <datafield ind1="0" ind2="0" tag="505">
      <subfield code="g">ch. 1.</subfield>
      <subfield code="t">Do technological developments threaten privacy? Tracking is an assault on liberty, with real dangers /</subfield>
      <subfield code="r">Nicholas Carr --</subfield>
      <subfield code="t">No more privacy paranoia /</subfield>
      <subfield code="r">Farhad Manjoo --</subfield>
      <subfield code="t">iSPY: how the internet buys and sells your secrets /</subfield>
      <subfield code="r">Jamie Bartlett --</subfield>
      <subfield code="t">Obscurity in using technology is more important than privacy /</subfield>
      <subfield code="r">Woodrow Hartzog and Evan Selinger --</subfield>
      <subfield code="g">ch. 2.</subfield>
      <subfield code="t">Do security measure infringe on privacy rights? NSA surveillance threatens privacy and security /</subfield>
      <subfield code="r">Bruce Schneier --</subfield>
      <subfield code="t">Privacy concerns about NSA intelligence gathering are unfounded /</subfield>
      <subfield code="r">Gary Schmitt --</subfield>
      <subfield code="t">Privacy is a red herring ;</subfield>
      <subfield code="t">the debate over NSA surveillance is about something else entirely /</subfield>
      <subfield code="r">Rosa Brooks --</subfield>
      <subfield code="t">The use of surveillance drones is a threat to privacy /</subfield>
      <subfield code="r">Andrew Napolitano --</subfield>
      <subfield code="t">Privacy concerns should not stunt the growth of the drone industry /</subfield>
      <subfield code="r">Pierre Hines --</subfield>
      <subfield code="t">Biometrics are the future of identification /</subfield>
      <subfield code="r">Tim De Chant --</subfield>
      <subfield code="t">Biometric identification raises privacy concerns without increasing security /</subfield>
      <subfield code="r">Katitza Rodriguez --</subfield>
      <subfield code="g">ch. 3.</subfield>
      <subfield code="t">Is medical privacy adequately protected? Private DNA tests raise a variety of privacy concerns /</subfield>
      <subfield code="r">Benjamin Winterhalter --</subfield>
      <subfield code="t">The FDA could set personal genetics rights back decades /</subfield>
      <subfield code="r">Gary Marchant --</subfield>
      <subfield code="t">How ObamaCare destroys your privacy /</subfield>
      <subfield code="r">Betsy McCaughey --</subfield>
      <subfield code="t">The National Electronic Health Care Database improves health care /</subfield>
      <subfield code="r">Kathleen Sebelius --</subfield>
      <subfield code="g">ch. 4.</subfield>
      <subfield code="t">How should privacy be protected? Privacy in the age of surveillance /</subfield>
      <subfield code="r">Dinah PoKempner --</subfield>
      <subfield code="t">An overreach for the NSA's critics /</subfield>
      <subfield code="r">Charles C.W. Cooke --</subfield>
      <subfield code="t">Big data, public and private /</subfield>
      <subfield code="r">Paul Pillar --</subfield>
      <subfield code="t">A consumer bill of rights is needed to protect privacy on the internet /</subfield>
      <subfield code="r">White House --</subfield>
      <subfield code="t">Fourth Amendment protections need revision to protect privacy /</subfield>
      <subfield code="r">David Cole.</subfield>
   </datafield>
   <datafield ind1=" " ind2=" " tag="520">
      <subfield code="a">"Opposing Viewpoints: Privacy ... are selected from a wide range of highly respected sources and publications"--</subfield>
      <subfield code="c">Provided by publisher.</subfield>
   </datafield>
   <datafield ind1=" " ind2=" " tag="596">
      <subfield code="a">55</subfield>
   </datafield>
   <datafield ind1=" " ind2="0" tag="650">
      <subfield code="a">Privacy, Right of</subfield>
      <subfield code="z">United States.</subfield>
   </datafield>
   <datafield ind1="1" ind2=" " tag="700">
      <subfield code="a">Merino, Noël,</subfield>
      <subfield code="e">editor.</subfield>
   </datafield>
   <datafield ind1=" " ind2="0" tag="830">
      <subfield code="a">Opposing viewpoints series (Unnumbered)</subfield>
   </datafield>
   <datafield ind1=" " ind2=" " tag="949">
      <subfield code="a">KF1262 .P739 2015</subfield>
      <subfield code="h">GMAC-OS-B</subfield>
      <subfield code="i">1007402884</subfield>
      <subfield code="p">56.52</subfield>
      <subfield code="k">AVAIL_SOON</subfield>
   </datafield>
   <datafield ind1=" " ind2=" " tag="926">
      <subfield code="a">KF1262 .P739 2015</subfield>
      <subfield code="w">LC</subfield>
      <subfield code="c">1</subfield>
      <subfield code="i">1007402884</subfield>
      <subfield code="d">10/13/2016</subfield>
      <subfield code="l">ON_SHELF</subfield>
      <subfield code="m">GR_MAC_ACC</subfield>
      <subfield code="p">$56.52</subfield>
      <subfield code="r">Y</subfield>
      <subfield code="s">Y</subfield>
      <subfield code="t">BOOK</subfield>
      <subfield code="u">3/10/2015</subfield>
   </datafield>
</record>
